@Article{fabian2010comparison,
  author    = {Fabian, Benjamin and G{\"u}rses, Seda and Heisel, Maritta and Santen, Thomas and Schmidt, Holger},
  journal   = {Requirements engineering},
  title     = {A comparison of security requirements engineering methods},
  year      = {2010},
  number    = {1},
  pages     = {7--40},
  volume    = {15},
  groups    = {Requirements},
  publisher = {Springer},
  url       = {https://www.uni-due.de/imperia/md/content/swe/papers/2010a-comparison-of-security-requirements-engineering-methods.pdf},
}

@Comment{jabref-meta: databaseType:bibtex;}

@Comment{jabref-meta: grouping:
0 AllEntriesGroup:;
1 StaticGroup:Requirements\;0\;1\;0x0000ffff\;\;\;;
}
